<record><leader>00000cas a2200000 a 4500</leader><controlfield tag="001">50982886</controlfield><controlfield tag="008">021110d198u19uucaudr ne      0    0peroc</controlfield><datafield ind1=" " ind2=" " tag="010"><subfield code="a">  2002223073</subfield></datafield><datafield ind1=" " ind2=" " tag="040"><subfield code="a">CLU</subfield><subfield code="b">eng</subfield><subfield code="c">CLU</subfield><subfield code="d">CLU</subfield><subfield code="d">DLC</subfield><subfield code="d">NSD</subfield><subfield code="d">OCLCQ</subfield><subfield code="d">OCLCF</subfield><subfield code="d">OCLCA</subfield></datafield><datafield ind1="1" ind2=" " tag="029"><subfield code="a">AU@</subfield><subfield code="b">000024201771</subfield></datafield><datafield ind1=" " ind2=" " tag="042"><subfield code="a">pcc</subfield></datafield><datafield ind1=" " ind2=" " tag="043"><subfield code="a">a-ir---</subfield></datafield><datafield ind1="0" ind2="0" tag="245"><subfield code="a">S&#803;ubh&#803;-i I&#772;ra&#772;n.</subfield></datafield><datafield ind1="1" ind2="3" tag="246"><subfield code="a">Morning of Iran</subfield></datafield><datafield ind1="1" ind2="3" tag="246"><subfield code="a">Sobh-e-Iran</subfield><subfield code="f">&lt;8 Avri&#772;l 1988-&gt;</subfield></datafield><datafield ind1=" " ind2=" " tag="260"><subfield code="a">S.M. [i.e. Santa Monica], Ca. :</subfield><subfield code="b">Sobh-e Iran Inc.</subfield></datafield><datafield ind1=" " ind2=" " tag="300"><subfield code="a">v. :</subfield><subfield code="b">ill. ;</subfield><subfield code="c">38 cm.</subfield></datafield><datafield ind1=" " ind2=" " tag="310"><subfield code="a">Daily</subfield></datafield><datafield ind1=" " ind2=" " tag="588"><subfield code="a">Description based on: Shuma&#772;rah-i 6 (9 Ma&#772;rch 1987).</subfield></datafield><datafield ind1=" " ind2=" " tag="588"><subfield code="a">Latest issue consulted: Shuma&#772;rah-i 356 (1 Agu&#772;st 1988).</subfield></datafield><datafield ind1=" " ind2="0" tag="651"><subfield code="a">Iran</subfield><subfield code="v">Newspapers.</subfield></datafield><datafield ind1=" " ind2="7" tag="655"><subfield code="a">Newspapers.</subfield><subfield code="2">fast</subfield><subfield code="0">(OCoLC)fst01423814</subfield></datafield><datafield ind1=" " ind2="7" tag="651"><subfield code="a">Iran.</subfield><subfield code="2">fast</subfield><subfield code="0">(OCoLC)fst01204889</subfield></datafield><datafield ind1=" " ind2=" " tag="752"><subfield code="a">United States</subfield><subfield code="b">California</subfield><subfield code="c">Los Angeles County</subfield><subfield code="d">Santa Monica.</subfield></datafield><datafield ind1="0" ind2="0" tag="785"><subfield code="t">Imru&#772;z s&#803;ubh&#803;-i I&#772;ra&#772;n</subfield><subfield code="x">1938-5692</subfield><subfield code="w">(DLC)  2005223087</subfield><subfield code="w">(OCoLC)48505953</subfield></datafield></record>